@ONLINE {tabela2016ifce,
    author = "IFCE",
    title  = "Portaria n{$^\circ$} 43/GR de 14 de Janeiro de 2016.  Anexo Tabela de Perfil Profissional Docente do IFCE",
    month  = "janeiro",
    year   = "2016"
}


@ONLINE {integracao2019taua,
    author = "Wagner Mendes {DI\'ARIO DO NORDESTE}",
    title  = "Tribunal de Justi\c{c}a planeja reestrutura\c{c}\~ao digital para o Cear\'a",
    month  = "dezembro",
    year   = "2019",
    url    = "https://diariodonordeste.verdesmares.com.br/editorias/politica/tribunal-de-justica-planeja-reestruturacao-digital-para-o-ceara-1.2183795"
}




@ONLINE {halvarian2009,
    author = "Hal Varian",
    title  = "Googleâs Chief Economist Hal Varian on Statistics and Data",
    month  = "fevereiro",
    year   = "2009",
    url    = "https://flowingdata.com/2009/02/25/googles-chief-economist-hal-varian-on-statistics-and-data/"
}



@misc{lavajato,
    author = {F\'avio Ferreia},
    title = {Volume de dados da Lava Jato leva PF a criar novo sistema},
    year = 2017,
    howpublished = "\url{http://www1.folha.uol.com.br/poder/2017/01/1846272-neo-volume-de-dados-da-lava-jato-forca-pf-a-criar-novo-sistema.shtml}",
    Urlaccessdate = {16 de Janeiro de 2018}
}


@misc{sefaz,
    author = {Comunica\c{c}\~ao Setorial {SEFAZ}},
    title = {SEFAZ deve implantar moderno sistema de auditoria fiscal},
    year = 2018,
    howpublished = "\url{http://aplicacao.sefaz.go.gov.br/index.php/post/ver/226303/sefaz-deve-implantar-moderno-sistema-de-auditoria-fiscal}",
    Urlaccessdate = {16 de Janeiro de 2018}
}

@misc{banks,
    author = {Bernard Marr},
    title = {Big Data In Banking: How Citibank Delivers Real Business Benefits With Its Data-First Approach},
    year = 2016,
    howpublished = "\url{https://www.forbes.com/sites/bernardmarr/2016/09/09/big-data-in-banking-how-citibank-delivers-real-business-benefits-with-their-data-first-approach/}",
    Urlaccessdate = {16 de Janeiro de 2018}
}


@misc{language,
    author = {Mark Liberman},
    title = {How big data is changing how we study languages},
    year = 2014,
    howpublished = "\url{https://www.theguardian.com/education/2014/may/07/what-big-data-tells-about-language}",
    Urlaccessdate = {16 de Janeiro de 2018}
}



@article{ ISI:000395769400001,
Author = {Ngu, Anne H. and Gutierrez, Mario and Metsis, Vangelis and Nepal, Surya
   and Sheng, Quan Z.},
Title = {{IoT Middleware: A Survey on Issues and Enabling Technologies}},
Journal = {{IEEE INTERNET OF THINGS JOURNAL}},
Year = {{2017}},
Volume = {{4}},
Number = {{1}},
Pages = {{1-20}},
Month = {{FEB}},
DOI = {{10.1109/JIOT.2016.2615180}},
ISSN = {{2327-4662}},
ResearcherID-Numbers = {{Sheng, Quan Z./B-8169-2008}},
ORCID-Numbers = {{Sheng, Quan Z./0000-0002-3326-4147}},
Unique-ID = {{ISI:000395769400001}},
}

%%%%

@manual{10520-2002:6.3-6,
    address={Bras\'ilia, DF},
    organization={Brasil. {Minist\'erio da Administra{\c c}\~ao Federal e da Reforma
    do Estado}},
    org-short={Brasil},
    title={Plano diretor da reforma do aparelho do estado}, 
    year={1995}
}

@article{teste, 
    address={Fortaleza}, 
    journal={Di\'ario do Nordeste}, 
    month={4 dez.},
    title={Tribunal de Justi\c{c}a planeja reestrutura\c{c}\~ao digital para o Cear\'a}, year={2019},
    author={Washington Luis Bezerra Ara\'ujo},
    url = "https://diariodonordeste.verdesmares.com.br/editorias/politica/tribunal-de-justica-planeja-reestruturacao-digital-para-o-ceara-1.2183795",
    Urlaccessdate = {5 jan. 2020}
    
}

@article{voos2019camilo, 
    address={Fortaleza}, 
    journal={Governo do Estado do Cear\'a -- Turismo}, 
    month={18 dez.},
    title={Governo do {Cear\'a} anuncia voos regionais para 8 munic\'ipios}, year={2019},
    author={Camilo Sobreira  Santana},
    url = "https://www.ceara.gov.br/2019/12/18/governo-do-ceara-anuncia-voos-regionais-para-8-municipios/",
    Urlaccessdate = {5 jan. 2020}
    
}

@article{ceara2019camilo, 
    address={Fortaleza}, 
    journal={Governo do Estado do Cear\'a -- Turismo}, 
    month={18 dez.},
    title={Air Europa confirma in\'icio das opera\c{c}\~oes Madri-Fortaleza a partir de dezembro}, year={2019},
    author={Camilo Sobreira  Santana},
    url = "https://www.ceara.gov.br/2019/08/22/air-europa-confirma-inicio-das-operacoes-madri-fortaleza-a-partir-de-dezembro/",
    Urlaccessdate = {13 jan. 2020}
    
}


@article{estadao2019,
    address={S\~ao Paulo}, 
    title = {Em um pa\'is com desemprego de 13\%, sobram vagas na \'Area de tecnologia},
    author = {Fernando Scheller e M\^onica Scaramuzzo},
    month = {05 mai.},
    year = {2019},
    journal={O Estado de S\~ao Paulo -- Economia}, 

    url = "https://economia.estadao.com.br/noticias/geral,em-um-pais-com-desemprego-de-13-sobram-vagas-na-area-de-tecnologia,70002816007",
    Urlaccessdate = {24 fev. 2020}
    
}



@article{diario2018cinturao,
    address={Fortaleza}, 
    title = {{CE} deve ter todas as cidades conectadas \`a fibra em 2 anos},
    author = {Bruno Cabral},
    month = {25 ago.},
    year = {2019},
    journal={Di\'ario do Nordeste}, 

    url = "https://diariodonordeste.verdesmares.com.br/editorias/negocios/ce-deve-ter-todas-as-cidades-conectadas-a-fibra-em-2-anos-1.2140380",
    Urlaccessdate = {24 fev. 2020}
    
}

@incollection{pj,
  author       = {Maria Cristina Pansera-e-{Ara\'ujo}; Clarin\^es Hames e Adriana Kemp}, 
  title        = {Projeto Integrador: Articula\c{c}\~ao de Conhecimentos Cient\'ificos no Ensino M\'edio Integrado ao T\'ecnico Em Alimentos},
  booktitle    = {Atas do IX Encontro Nacional de Pesquisa em Educa\c{c}\~ao em Ci\^encias },
  publisher    = {ENPEC},
  year         = 2013,
  editor       = {ABRAPEC},
  pages        = {1--8},
  address      = {\'Aguas de Lind\'oia, SP},
  month        = Nov,
}


@article{brasil1996lei,
  title={Lei n{$^\circ$} 9.394, de 20 de dezembro de 1996. {Estabelece as diretrizes e bases da educa{\c{c}}{\~a}o nacional}},
  author={BRASIL},
  journal={Di{\'a}rio Oficial da Uni{\~a}o},
  volume={134},
  number={248},
  year={1996},
  publisher={Poder Legislativo Bras\'ilia, DF}
}


@article{brasil1999resolucao,
  title={Resolu\c{c}\~ao n{$^\circ$} 04, 08 de dezembro de 1999. {Institui as Diretrizes Curriculares
Nacionais para a Educa\c{c}\~ao Nacional de N\'ivel T\'ecnico}},
  author={BRASIL},
  journal={Di{\'a}rio Oficial da Uni{\~a}o},
  year={1999},
  publisher={Poder Legislativo Bras\'ilia, DF}
}





@article{brasil2004decreto,
  title={Decreto n{$^\circ$} 5.154, de 23 de julho de 2004. Regulamenta o {\S} 2{$^\circ$} do art. 36 e os arts. 39 a 41 da Lei n{$^\circ$} 9.394, de 20 de dezembro de 1996, que estabelece as diretrizes e bases da educa{\c{c}}{\~a}o nacional, e d{\'a} outras provid{\^e}ncias},
  author={BRASIL},
  journal={Di{\'a}rio Oficial da Uni{\~a}o},
    publisher={Bras\'ilia, DF},
  year={2004}
}


@article{resolucao2004,
  title={Resolu\c{c}\~ao {CNE/CEB} n{$^\circ$} 01/04, de 21 de janeiro de 2004. Estabelece as Diretrizes Nacionais para a organiza\c{c}\~ao e a realiza\c{c}\~ao de Est\'agio de alunos da Educa\c{c}\~ao Profissional e do Ensino M\'edio, inclusive nas modalidades de Educa\c{c}\~ao Especial e de educa\c{c}\~ao de Jovens e Adultos},
  author={BRASIL},
  year={jan 2004},
  publisher={Bras\'ilia, DF}
}



@article{resolucao20042,
  title={Resolu\c{c}\~ao {CNE/CEB} n{$^\circ$} 1, de 17 de junho de 2004. Institui Diretrizes Curriculares Nacionais para a Educa\c{c}\~ao das Rela\c{c}\~oes \'Etnico-raciais e para o Ensino de Hist\'oria e Cultura Afro-Brasileira e Africana},
  author={BRASIL},
  year={jun 2004},
  publisher={Bras\'ilia, DF}
}


@article{catalog,
	title={Cat\'alogo nacional dos cursos t\'ecnicos},
	  author={{SETEC}},
	    publisher={Bras\'ilia, DF},
	    journal={MEC/SETEC},
	    year=2023,
	    url={http://cnct.mec.gov.br/cursos/curso?id=83}
}



@article{le1,
  title={Lei n{$^\circ$}  11.892, 29 de dezembro de 2008. Institui a Rede Federal de Educa\c{c}\~ao Profissional, Cient\'ifica e Tecnol\'ogica, cria os Institutos Federais de Educa\c{c}\~ao, Ci\^encia e Tecnologia, e d\'a outras provid\^encias},
  author={BRASIL},
  journal={Di{\'a}rio Oficial da Uni{\~a}o},
  year={2008},
  month={dez.},
  publisher={Poder Legislativo Bras\'ilia, DF}
}


@article{le2,
  title={Resolu\c{c}\~ao {CNE/CEB} n{$^\circ$} 01, de 30 de maio de 2012. Estabelece as Diretrizes Nacionais para a Educa\c{c}\~ao em Direitos Humanos},
  author={BRASIL},
  journal={Di{\'a}rio Oficial da Uni{\~a}o},
  year={2012},
  month={mai.},
  publisher={Poder Legislativo Bras\'ilia, DF}
}


@article{le3,
  title={Resolu\c{c}\~ao {CNE/CEB} n{$^\circ$} 02, de 15 de junho de 2012. Estabelece as Diretrizes Curriculares Nacionais para a Educa\c{c}\~ao Ambiental},
  author={BRASIL},
  journal={Di{\'a}rio Oficial da Uni{\~a}o},
  year={2012},
  month={jun.},
  publisher={Poder Legislativo Bras\'ilia, DF}
}


@article{le4,
  title={Resolu\c{c}\~ao n{$^\circ$} 06, 20 de setembro de 2012. Define Diretrizes Curriculares Nacionais para a Educa\c{c}\~ao Profissional T\'ecnica de N\'ivel M\'edio},
  author={BRASIL},
  journal={Di{\'a}rio Oficial da Uni{\~a}o},
  year={2012},
  month={set.},
  publisher={Poder Legislativo Bras\'ilia, DF}
}


@article{le5,
  title={Resolu\c{c}\~ao n{$^\circ$} 35, 22 de junho de 2015. Aprova o Regulamento da Organiza\c{c}\~ao
Did\'atica (ROD)},
  author={BRASIL},
  journal={Di{\'a}rio Oficial da Uni{\~a}o},
  year={2015},
  month={jun.},
  publisher={}
}



@misc{ibge2, 
    author = "IBGE",
    title  = "Ferramenta Cidades",
    month  = "jan",
    year   = "2020",
    url    = "https://cidades.ibge.gov.br/brasil/ce/panorama",
    Urlaccessdate = {02 jan. 2020}
}



@misc{pdi,
    author = {IFCE},
    title = {Plano de Desenvolvimento Institucional ({PDI}) -- 2019-23},
    year = 2019,
    Urlaccessdate = {01 de abril de 2020}
}



@misc{ppi,
    author = {IFCE},
    title = {Projeto Pol\'i­tico-Pedag\'ogico Institucional ({PPI})},
    year = 2018,
    Urlaccessdate = {01 de abril de 2020}
}

@misc{rod,
    author = {IFCE},
    title = {Regulamento da Organiza\c{c}\~ao Did\'atica ({ROD})},
    year = 2016,
    Urlaccessdate = {01 de abril de 2020}
}

@misc{ipece17,
  title={Perfil das Regi\~oes de Planejamento: Sert\~ao dos Inhamuns 2017},
    author={IPECE},
  howpublished = "\url{http://www2.ipece.ce.gov.br/estatistica/perfil_regional/2017/PR\_Inhamuns\_2017.pdf}",
  year={2017},
  Urlaccessdate = {01 de abril de 2020}
}



@misc{brasil004,
  title={Pol\'i­ticas P\'ublicas para a Educa\c{c}\~ao Profissional e Tecnol\'ogica ({EPT})},
  author={BRASIL},
  year={1996}
}


@misc{adece2019,
    author = {Ikara Rodrigues/Ascom Adece},
    title = {Cear\'a investe em infraestrutura para atrair novas empresas do setor de TIC},
    year = 2019,
    howpublished = "\url{https://www.sedet.ce.gov.br/2019/05/22/ceara-investe-em-infraestrutura-para-atrair-novas-empresas-do-setor-de-tic/}",
    Urlaccessdate = {03 de Agosto de 2020}
}
